@techreport{khedker1997makes,
   title={What makes a good programming language},
   author={Khedker, Uday P},
   year={1997},
   institution={Technical Report TR-97-upk-1, Department of Computer Science University of Pune}
}
@book{graham2004hackers,
   title={Hackers \& painters: big ideas from the computer age},
   author={Graham, Paul},
   year={2004},
   publisher={" O'Reilly Media, Inc."}
}
@book{graham1994lisp,
   title={On lisp},
   author={Graham, Paul},
   year={1994},
   publisher={Prentice Hall}
}
@book{pierce2002types,
   title={Types and programming languages},
   author={Pierce, Benjamin C},
   year={2002},
   publisher={MIT press}
}
@inproceedings{giuseppe2015mc,
   title={Building game scripting DSL's with the Metacasanova metacompiler},
   author={Giacomo, Francesco Di and Spronck, Pieter and Maggiore, Giuseppe},
   year={2015}
}
@misc{creating2016home,
   author={Creating 010},
   title={Creating 010 - Kenniscentrum Creating 010},
   howpublished={\url{http://creating010.com/en/}},
   note = "[Online; Accessed: 18-03-2016]"
}
@book{ries2011lean,
   title={The lean startup: How today's entrepreneurs use continuous innovation to create radically successful businesses},
   author={Ries, Eric},
   year={2011},
   publisher={Crown Books}
}
@article{blow2004game,
   title={Game development: Harder than you think},
   author={Blow, Jonathan},
   journal={Queue},
   volume={1},
   number={10},
   pages={28},
   year={2004},
   publisher={ACM}
}
@incollection{maggiore2011designing,
   title={Designing Casanova: a language for games},
   author={Maggiore, Giuseppe and Span{\`o}, Alvise and Orsini, Renzo and Costantini, Giulia and Bugliesi, Michele and Abbadi, Mohamed},
   booktitle={Advances in Computer Games},
   pages={320--332},
   year={2011},
   publisher={Springer}
}
@article{prawitz1965natural,
   title={Natural deduction: A proof-theoretical study},
   author={Prawitz, Dag},
   year={1965}
}
@inproceedings{igarashi2006union,
   title={Union types for object-oriented programming},
   author={Igarashi, Atsushi and Nagira, Hideshi},
   booktitle={Proceedings of the 2006 ACM symposium on Applied computing},
   pages={1435--1441},
   year={2006},
   organization={ACM}
}
@book{harper1986standard,
   title={Standard ml},
   author={Harper, Robert and MacQueen, David and Milner, Robin},
   year={1986},
   publisher={University of Edinburgh. Department of Computer Science. Laboratory for Foundations of Computer Science}
}
@misc{researchteaminterview,
   author = {Giacomo, Francesco Di and Maggiore, Giuseppe},
   year = {2016},
   date = {15-02-2016},
   howpublished="Personal communication"
}

@misc{dotnetdescription,
   author = {Microsoft},
   title = {Overview of the .NET Framework},
   year = {2016},
   howpublished = "\url{https://msdn.microsoft.com/en-us/library/a4t23ktk(v=vs.100).aspx}",
   note = "[Online; Accessed: 18-02-2016]"
}
@article{beebe1992latex,
   title={LATEX Editing Support},
   author={Beebe, Nelson HF},
   journal={Te verschijnen in TUGboat en MAPS},
   volume={92},
   year={1992}
}
@book{barendregt1984lambda,
   title={The lambda calculus},
   author={Barendregt, Hendrik Pieter},
   volume={3},
   year={1984},
   publisher={North-Holland Amsterdam}
}
@misc{bourbaki1998commutative,
   title={Commutative algebra. Chapters 1--7, Elements of Mathematics},
   author={Bourbaki, Nicolas},
   year={1998},
   publisher={Springer-Verlag, Berlin}
}
@book{hazewinkel2013encyclopaedia,
   title={Encyclopaedia of Mathematics: Volume 6: Subject Indexâ€”Author Index},
   author={Hazewinkel, Michiel},
   year={2013},
   publisher={Springer Science \& Business Media}
}

   % monads
@incollection{wadler1995monads,
   title={Monads for functional programming},
   author={Wadler, Philip},
   booktitle={Advanced Functional Programming},
   pages={24--52},
   year={1995},
   publisher={Springer}
}
@inproceedings{liang1995monad,
   title={Monad transformers and modular interpreters},
   author={Liang, Sheng and Hudak, Paul and Jones, Mark},
   booktitle={Proceedings of the 22nd ACM SIGPLAN-SIGACT symposium on Principles of programming languages},
   pages={333--343},
   year={1995},
   organization={ACM}
}
@article{wadler1992comprehending,
   title={Comprehending monads},
   author={Wadler, Philip},
   journal={Mathematical structures in computer science},
   volume={2},
   number={04},
   pages={461--493},
   year={1992},
   publisher={Cambridge Univ Press}
}
@article{moggi1991notions,
   title={Notions of computation and monads},
   author={Moggi, Eugenio},
   journal={Information and computation},
   volume={93},
   number={1},
   pages={55--92},
   year={1991},
   publisher={Elsevier}
}
@incollection{king1993combining,
   title={Combining monads},
   author={King, David J and Wadler, Philip},
   booktitle={Functional Programming, Glasgow 1992},
   pages={134--143},
   year={1993},
   publisher={Springer}
}
@incollection{jaskelioff2008monatron,
   title={Monatron: An extensible monad transformer library},
   author={Jaskelioff, Mauro},
   booktitle={Implementation and Application of Functional Languages},
   pages={233--248},
   year={2008},
   publisher={Springer}
}
@article{swierstra2008data,
   title={Data types {\`a} la carte},
   author={Swierstra, Wouter},
   journal={Journal of functional programming},
   volume={18},
   number={04},
   pages={423--436},
   year={2008},
   publisher={Cambridge Univ Presks}
}
@movie{troncitation,
   title={Tron},
   producer={Kushner, Donald},
   director={Lisberger, Steven},
   year={1982},
   publisher={Buena Vista Distribution}

}
@misc{pymonadlibrary,
   author = {DeLaat, Jason},
   title = {PyMonad source},
   year = {2016},
   howpublished = "\url{https://bitbucket.org/jason_delaat/pymonad/src/cbecd6796cd1488237d2a0f057cefd2a50df753a/pymonad/State.py?at=master&fileviewer=file-view-default}",
   note = "[Online; Accessed: 01-06-2016]"
}
@misc{haskelllibrary,
   author = {Gill, Andy and Paterson, Ross},
   title = {Transformers: Concrete functor and monad transformers},
   year = {2016},
   howpublished = "\url{http://hackage.haskell.org/package/transformers}",
   note = "[Online; Accessed: 02-06-2016]"
}
@inproceedings{hancock1999io,
   title={The IO monad in dependent type theory},
   author={Hancock, Peter and Setzer, Anton},
   booktitle={Electronic proceedings of the workshop on dependent types in programming, G{\"o}teborg},
   pages={27--28},
   year={1999}
}
@inproceedings{haynes1984continuations,
  title={Continuations and coroutines},
  author={Haynes, Christopher T and Friedman, Daniel P and Wand, Mitchell},
  booktitle={Proceedings of the 1984 ACM Symposium on LISP and functional programming},
  pages={293--298},
  year={1984},
  organization={ACM}
}

